@online{DXFReference,
	title = {{DXF Reference - Autodesk}},
	year = {2011},
	month = {Feb},
	note = {[Online; accessed 18. Oct. 2020]},
	url = {https://images.autodesk.com/adsk/files/autocad_2012_pdf_dxf-reference_enu.pdf}
}

@online{AutodeskViewer,
	title = {{Autodesk Viewer}},
	year = {2020},
	month = {Oct},
	note = {[Online; accessed 18. Oct. 2020]},
	url = {https://viewer.autodesk.com}
}

@online{DWGTrueView,
	title = {{DWG TrueView - Autodesk}},
	year = {2020},
	month = {Oct},
	note = {[Online; accessed 18. Oct. 2020]},
	url = {https://www.autodesk.de/products/dwg}
}

@online{eDrawingsViewer,
	title = {{eDrawings Viewer}},
	year = {2020},
	month = {Oct},
	note = {[Online; accessed 18. Oct. 2020]},
	url = {https://www.edrawingsviewer.com}
}

@online{ABViewer,
	title = {{ABViewer - 2D/3D CAD-Viewer und Editor}},
	year = {2020},
	month = {Oct},
	note = {[Online; accessed 18. Oct. 2020]},
	url = {https://cadsofttools.de/products/abviewer}
}
