@online{NuDataCampus,
	title = {{NuData Campus - Hochschule MÃ¼nchen}},
	note = {[Online; accessed 11. Oct. 2020]},
	url = {https://www.hm.edu/allgemein/forschung_entwicklung/forschungsprojekte/projektdetails/jensch_mandl_schramm/nudata_campus.de.html}
}

@INPROCEEDINGS{CAD,  
    author={D. {Korpyljov} and S. {Tkachenko}},  
        booktitle={2013 12th International Conference on the Experience of Designing and Application of CAD Systems in Microelectronics (CADSM)},   
    title={Development and research of distributed Web-oriented architectures CAD design engineering},   
    year={2013},  
    volume={},  
    number={},  
    pages={453-454}
}
