@online{SpringBoot,
    title = {{Spring Boot}},
    year = {2020},
    month = {Dec},
    note = {[Online; accessed 4. Dec. 2020]},
    url = {https://spring.io/projects/spring-boot}
}
